@article{vincent2010stacked,
  title={Stacked denoising autoencoders: Learning useful representations in a deep network with a local denoising criterion},
  author={Vincent, Pascal and Larochelle, Hugo and Lajoie, Isabelle and Bengio, Yoshua and Manzagol, Pierre-Antoine},
  journal={The Journal of Machine Learning Research},
  volume={11},
  pages={3371--3408},
  year={2010},
  publisher={JMLR. org}
}
@article{hinton2006fast,
  title={A fast learning algorithm for deep belief nets},
  author={Hinton, Geoffrey E and Osindero, Simon and Teh, Yee-Whye},
  journal={Neural computation},
  volume={18},
  number={7},
  pages={1527--1554},
  year={2006},
  publisher={MIT Press}
}
@inproceedings{kavukcuoglu2010learning,
  title={Learning convolutional feature hierarchies for visual recognition},
  author={Kavukcuoglu, Koray and Sermanet, Pierre and Boureau, Y-Lan and Gregor, Karol and Mathieu, Micha{\"e}l and Cun, Yann L},
  booktitle={Advances in neural information processing systems},
  pages={1090--1098},
  year={2010}
}
@article{claudiu2010deep,
  title={Deep big simple neural nets excel on handwritten digit recognition},
  author={Claudiu Ciresan, Dan and Meier, Ueli and Gambardella, Luca Maria and Schmidhuber, Juergen},
  journal={arXiv preprint arXiv:1003.0358},
  year={2010}
}
@article{mikolov2012statistical,
  title={Statistical language models based on neural networks},
  author={Mikolov, Tom{\'a}{\v{s}}},
  journal={Presentation at Google, Mountain View, 2nd April},
  year={2012}
}